





@article{doi:10.1119/1.17742,
author = {R. L. Kautz and Bret M. Huggard},
title = {Chaos at the amusement park: Dynamics of the Tilt‐A‐Whirl},
journal = {American Journal of Physics},
volume = {62},
number = {1},
pages = {59-66},
year = {1994},
doi = {10.1119/1.17742},

URL = { 
        https://doi.org/10.1119/1.17742
    
},
eprint = { 
        https://doi.org/10.1119/1.17742
    
}

}


